@String{pub-AW = "Ad{\-d}i{\-s}on-Wes{\-l}ey"}
@String{pub-AW:adr = "Reading, MA, USA"}

@article{lecun2015deep,
  title={Deep learning},
  author={LeCun, Yann and Bengio, Yoshua and Hinton, Geoffrey},
  journal={nature},
  volume={521},
  number={7553},
  pages={436},
  year={2015},
  publisher={Nature Publishing Group}
}
@book{apostolik2009foundations,
  title={Foundations of banking risk: an overview of banking, banking risks, and risk-based banking regulation},
  author={Apostolik, Richard and Donohue, Christopher and Went, Peter},
  volume={507},
  year={2009},
  publisher={Wiley}
}
@article{hurley2016credit,
  title={Credit scoring in the era of big data},
  author={Hurley, Mikella and Adebayo, Julius},
  journal={Yale JL \& Tech.},
  volume={18},
  pages={148},
  year={2016},
  publisher={HeinOnline}
}
@article{叶文辉2015大数据征信机构的运作模式及监管对策,
  title={大数据征信机构的运作模式及监管对策——以阿里巴巴芝麻信用为例},
  author={叶文辉},
  journal={国际金融},
  volume={8},
  pages={18--22},
  year={2015}
}
@book{james2013introduction,
  title={An introduction to statistical learning},
  author={James, Gareth and Witten, Daniela and Hastie, Trevor and Tibshirani, Robert},
  volume={112},
  year={2013},
  publisher={Springer}
}
@article{angelini2008neural,
  title={A neural network approach for credit risk evaluation},
  author={Angelini, Eliana and di Tollo, Giacomo and Roli, Andrea},
  journal={The quarterly review of economics and finance},
  volume={48},
  number={4},
  pages={733--755},
  year={2008},
  publisher={Elsevier}
}
@article{2016konocreditrisk,
	author = {Konovalova, Natalija and Kristovska, Ineta and Kudinska, Marina},
	year = {2016},
	month = {06},
	pages = {90-100},
	title = {Credit risk management in commercial banks},
	volume = {13},
	journal = {Polish Journal of Management Studies},
	doi = {10.17512/pjms.2016.13.2.09}
}


@book{nndp,
  title={Neural Networkds and Deep Learning},
  author={Michael A. Nielsen},
  year={2015},
  publisher={Determination Press}
}

@inproceedings{chen2016xgboost,
  title={Xgboost: A scalable tree boosting system},
  author={Chen, Tianqi and Guestrin, Carlos},
  booktitle={Proceedings of the 22nd acm sigkdd international conference on knowledge discovery and data mining},
  pages={785--794},
  year={2016},
  organization={ACM}
}
@book{scholkopf2001svm,
  title={Learning with kernels: support vector machines, regularization, optimization, and beyond},
  author={Scholkopf, Bernhard and Smola, Alexander J},
  year={2001},
  publisher={MIT press}
}
@article{shlens2014pca,
  title={A tutorial on principal component analysis},
  author={Shlens, Jonathon},
  journal={arXiv preprint arXiv:1404.1100},
  year={2014}
}
@article{cybenko1989approximation,
  title={Approximation by superpositions of a sigmoidal function},
  author={Cybenko, George},
  journal={Mathematics of control, signals and systems},
  volume={2},
  number={4},
  pages={303--314},
  year={1989},
  publisher={Springer}
}

@inproceedings{vincent2008autoencoder,
  title={Extracting and composing robust features with denoising autoencoders},
  author={Vincent, Pascal and Larochelle, Hugo and Bengio, Yoshua and Manzagol, Pierre-Antoine},
  booktitle={Proceedings of the 25th international conference on Machine learning},
  pages={1096--1103},
  year={2008},
  organization={ACM}
}

@article{kotsiantis2006data,
  title={Data preprocessing for supervised leaning},
  author={Kotsiantis, SB and Kanellopoulos, Dimitris and Pintelas, PE},
  journal={International Journal of Computer Science},
  volume={1},
  number={2},
  pages={111--117},
  year={2006},
  publisher={Citeseer}
}

@book{little2019missing,
  title={Statistical analysis with missing data},
  author={Little, Roderick JA and Rubin, Donald B},
  volume={793},
  year={2019},
  publisher={Wiley}
}

@article{dempster1977missingem,
  title={Maximum likelihood from incomplete data via the EM algorithm},
  author={Dempster, Arthur P and Laird, Nan M and Rubin, Donald B},
  journal={Journal of the Royal Statistical Society: Series B (Methodological)},
  volume={39},
  number={1},
  pages={1--22},
  year={1977},
  publisher={Wiley Online Library}
}

@article{pigott2001review,
  title={A review of methods for missing data},
  author={Pigott, Therese D},
  journal={Educational research and evaluation},
  volume={7},
  number={4},
  pages={353--383},
  year={2001},
  publisher={Taylor \& Francis}
}
@article{koren2009matrix,
  title={Matrix factorization techniques for recommender systems},
  author={Koren, Yehuda and Bell, Robert and Volinsky, Chris},
  journal={Computer},
  number={8},
  pages={30--37},
  year={2009},
  publisher={IEEE}
}
@article{mikolov2013word,
  title={Efficient estimation of word representations in vector space},
  author={Mikolov, Tomas and Chen, Kai and Corrado, Greg and Dean, Jeffrey},
  journal={arXiv preprint arXiv:1301.3781},
  year={2013}
}
@inproceedings{mnih2008pmf,
  title={Probabilistic matrix factorization},
  author={Mnih, Andriy and Salakhutdinov, Ruslan R},
  booktitle={Advances in neural information processing systems},
  pages={1257--1264},
  year={2008}
}
@mastersthesis{czh,
  title={基于多源大数据融合的风险控制建模研究与应用},            
  author= {程哲豪},
  year={2019},
  school={浙江大学}
}

@article{knuth84,
  author    = {Donald E. Knuth},
  title     = {Literate Programming},
  journal   = {The Computer Journal},
  year      = {1984},
  number    = {2},
  volume    = {27},
  pages     = {97--111},
}

@book{knuth86a,
  author    = {Donald E. Knuth},
  title     = {The {\TeX}book},
  volume    = {A},
  publisher = {Addison-Wesley},
  address   = {Reading, MA, USA},
  year      = {1986},
  series    = {Computers and Typesetting},
}

@book{lamport94,
  author    = {Leslie Lamport},
  title     = {{\LaTeX}: a Document Preparation System},
  publisher = {Addison-Wesley},
  address   = {Reading, MA, USA},
  edition   = {2},
  year      = {1994},
}

@book{tlc2,
  author    = {Frank Mittelbach and Michel Goossens and Johannes
                 Braams and David Carlisle},
  title     = {The {\LaTeX} Companion},
  publisher = {Addison-Wesley},
  address   = {Reading, MA, USA},
  edition   = {2},
  year      = {2004},
}

@collection{slg,
  editor    = {孙立广},
  title     = {顶级期刊论文摘要汇编（1999--2010）},
  address   = {合肥},
  publisher = {中国科学技术大学出版社},
  year      = {2016},
  pages     = {222},
}

@book{lyc,
  author    = {李泳池},
  title     = {张量初步和近代连续介质力学概论},
  edition   = {2},
  address   = {合肥},
  publisher = {中国科学技术大学出版社},
  year      = {2016},
  pages     = {61},
}

@book{ljs,
  author    = {刘景双},
  title     = {湿地生态系统碳、氮、硫、磷生物地球化学过程},
  address   = {合肥},
  publisher = {中国科学技术大学出版社},
  year      = {2014},
}

@incollection{cgw,
  author    = {程根伟},
  title     = {1998年长江洪水的成因与减灾对策},
  editor    = {许厚泽 and 赵其国},
  booktitle = {长江流域洪涝灾害与科技对策},
  address   = {北京},
  publisher = {科学出版社},
  year      = {1999},
  pages     = {26--32},
}

@incollection{cjb,
  author    = {陈晋镳 and 张惠民 and 朱士兴 and 赵震 and 王振刚},
  title     = {蓟县震旦亚界研究},
  editor    = {中国地质科学院天津地质矿产研究所},
  booktitle = {中国震旦亚界},
  address   = {天津},
  publisher = {天津科学技术出版社},
  year      = {1980},
  pages     = {56--114},
}

@article{kqy,
  author    = {孔庆勇 and 郭红健 and 孔庆和},
  title     = {我国科技期刊的金字塔分层模型及发展路径初探},
  journal   = {中国科技期刊研究},
  year      = {2015},
  volume    = {26},
  number    = {10},
  pages     = {1100--1103},
}

@article{yhs,
  author    = {杨洪升},
  title     = {四库馆私家抄校书考略},
  journal   = {文献},
  year      = {2013},
  number    = {1},
  pages     = {56--75},
}

@article{yx,
  author    = {于潇 and 刘义 and 柴跃廷 and others},
  title     = {互联网药品可信交易环境中主体资质审核备案模式},
  journal   = {清华大学学报(自然科学版)},
  year      = {2012},
  volume    = {52},
  number    = {11},
  pages     = {1518--1521},
}

@newspaper{dwx,
  author    = {丁文详},
  title     = {数字革命与竞争国际化},
  journal   = {中国青年报},
  year      = {2000},
  date      = {2000-11-20},
  number    = {15},
}

@patent{jxz,
  author    = {姜锡洲},
  title     = {一种温热外敷药制备方案：中国，88105607.3},
  year      = {1989},
  date      = {1989-07-26},
}

@database{wjk,
  author    = {万锦坤},
  title     = {中国大学学报论文文摘（1983--1993）（英文版）},
  medium    = {CD},
  address   = {北京},
  publisher = {中国大百科全书出版社},
  year      = {1996},
}

@phdthesis{syw,
  author    = {孙玉文},
  title     = {汉语变调构词研究},
  address   = {北京},
  school    = {北京大学},
  year      = {2000},
}

@article{wf,
  author    = {文富 and 顾丽梅},
  title     = {网络时代经济发展战略特征},
  journal   = {学术研究},
  year      = {2000},
  volume    = {21},
  number    = {4},
  pages     = {35--40},
}

@book{xd,
  author    = {肖度 and others},
  title     = {知识时代的企业合作经营},
  address   = {北京},
  publisher = {北京大学出版社},
  year      = {2000},
  pages     = {67--69},
}

@techreport{twh,
  author    = {{The White House}},
  title     = {Technology for Economic Growth},
  address   = {Washington},
  year      = {1993},
}

@article{huston,
  author    = {Hutson, Jeremy M},
  title     = {Vibrational dependence of the anisotropic intermolecular
               potential of argon-hydrogen chloride},
  journal   = {J. Phys. Chem.},
  year      = {1992},
  volume    = {96},
  number    = {11},
  pages     = {4237--4247},
}
